<record><leader>00000cas a2200000 a 4500</leader><controlfield tag="001">30107703</controlfield><controlfield tag="008">940408d187218uunjumr ne      0    0eng d</controlfield><datafield ind1=" " ind2=" " tag="010"><subfield code="a">sn 94051025 </subfield></datafield><datafield ind1=" " ind2=" " tag="040"><subfield code="a">NNI</subfield><subfield code="b">eng</subfield><subfield code="c">NNI</subfield><subfield code="d">CNK</subfield><subfield code="d">OCL</subfield><subfield code="d">OCLCQ</subfield><subfield code="d">OCLCF</subfield><subfield code="d">OCLCO</subfield></datafield><datafield ind1="1" ind2=" " tag="029"><subfield code="a">AU@</subfield><subfield code="b">000011276593</subfield></datafield><datafield ind1=" " ind2=" " tag="042"><subfield code="a">msc</subfield></datafield><datafield ind1=" " ind2=" " tag="043"><subfield code="a">n-us-nj</subfield></datafield><datafield ind1="0" ind2="4" tag="245"><subfield code="a">The Cranford comet.</subfield></datafield><datafield ind1=" " ind2=" " tag="260"><subfield code="a">[Cranford, N.J.] :</subfield><subfield code="b">R.A. Bigelow</subfield></datafield><datafield ind1=" " ind2=" " tag="300"><subfield code="a">v.</subfield></datafield><datafield ind1=" " ind2=" " tag="310"><subfield code="a">Monthly</subfield></datafield><datafield ind1="1" ind2=" " tag="362"><subfield code="a">Began in 1872.</subfield></datafield><datafield ind1=" " ind2=" " tag="588"><subfield code="a">Description based on: Vol. 1, no. 12 (Feb. 1873).</subfield></datafield><datafield ind1=" " ind2="0" tag="650"><subfield code="a">Amateur journalism</subfield><subfield code="v">Newspapers.</subfield></datafield><datafield ind1=" " ind2="0" tag="651"><subfield code="a">Cranford (N.J.)</subfield><subfield code="v">Newspapers.</subfield></datafield><datafield ind1=" " ind2="7" tag="655"><subfield code="a">Newspapers.</subfield><subfield code="2">fast</subfield><subfield code="0">(OCoLC)fst01423814</subfield></datafield><datafield ind1=" " ind2="7" tag="650"><subfield code="a">Amateur journalism.</subfield><subfield code="2">fast</subfield><subfield code="0">(OCoLC)fst00806670</subfield></datafield><datafield ind1=" " ind2="7" tag="651"><subfield code="a">New Jersey</subfield><subfield code="z">Cranford.</subfield><subfield code="2">fast</subfield><subfield code="0">(OCoLC)fst01219616</subfield></datafield><datafield ind1="1" ind2=" " tag="700"><subfield code="a">Bigelow, R. A.</subfield></datafield><datafield ind1=" " ind2=" " tag="752"><subfield code="a">United States</subfield><subfield code="b">New Jersey</subfield><subfield code="c">Union</subfield><subfield code="d">Cranford.</subfield></datafield><datafield ind1=" " ind2=" " tag="936"><subfield code="a">December, 1872.</subfield></datafield></record>